@ARTICLE{598228,  author={P. N. {Belhumeur} and J. P. {Hespanha} and D. J. {Kriegman}},  journal={IEEE Transactions on Pattern Analysis and Machine Intelligence},   title={Eigenfaces vs. Fisherfaces: recognition using class specific linear projection},   year={1997},  volume={19},  number={7},  pages={711-720},  doi={10.1109/34.598228}}

@Article{yaleB,
  author =  "Georghiades, A.S. and Belhumeur, P.N. and Kriegman, D.J.",
  title =   "From Few to Many: Illumination Cone Models for Face Recognition under
               Variable Lighting and Pose",
  journal = "IEEE Trans. Pattern Anal. Mach. Intelligence",
  year =  2001,
  volume = 23,
  number = 6,
  pages= "643-660"}
  
  
@misc{cmu,
author = "Dua, Dheeru and Graff, Casey",
year = "2017",
title = "CMU Face Images Dataset {UCI} Machine Learning Repository",
url = "http://archive.ics.uci.edu/ml",
institution = "University of California, Irvine, School of Information and Computer Sciences" }

@Book{ nla.cat-vn430142,
author = { Duda, Richard O. and Hart, Peter E. },
title = { Pattern classification and scene analysis / Richard O. Duda, Peter E. Hart },
isbn = { 0471223611 },
publisher = { Wiley New York },
pages = { xvii, 482 pages : },
year = { 1973 },
type = { Book },
url = { http://www.loc.gov/catdir/enhancements/fy0607/72007008-t.html },
language = { English },
subjects = { Perceptrons.; Pattern perception.; Image processing.; Statistical decision.; Pattern recognition Statistical mathematics },
life-dates = { 1973 -  },
catalogue-url = { https://nla.gov.au/nla.cat-vn430142 },
}
